<record><leader>00000cas a2200000 a 4500</leader><controlfield tag="001">9648441</controlfield><controlfield tag="008">830627d18311832nyuwr ne      0    0eng c</controlfield><datafield ind1=" " ind2=" " tag="010"><subfield code="a">sn 83030733 </subfield></datafield><datafield ind1=" " ind2=" " tag="040"><subfield code="a">NPU</subfield><subfield code="b">eng</subfield><subfield code="c">NPU</subfield><subfield code="d">NYG</subfield><subfield code="d">DLC</subfield><subfield code="d">MUL</subfield><subfield code="d">NYS</subfield><subfield code="d">ANU</subfield><subfield code="d">CNK</subfield><subfield code="d">DLC</subfield><subfield code="d">OCL</subfield><subfield code="d">NYS</subfield><subfield code="d">GUA</subfield><subfield code="d">DLC</subfield><subfield code="d">OCLCQ</subfield><subfield code="d">OCLCF</subfield><subfield code="d">OCLCO</subfield></datafield><datafield ind1="1" ind2=" " tag="029"><subfield code="a">AU@</subfield><subfield code="b">000020126947</subfield></datafield><datafield ind1=" " ind2=" " tag="042"><subfield code="a">pcc</subfield></datafield><datafield ind1=" " ind2=" " tag="043"><subfield code="a">n-us-ny</subfield></datafield><datafield ind1="0" ind2="0" tag="050"><subfield code="a">Newspaper</subfield></datafield><datafield ind1="0" ind2="0" tag="245"><subfield code="a">Spirit of the times &amp; life in New-York.</subfield></datafield><datafield ind1="3" ind2=" " tag="246"><subfield code="a">Spirit of the times and life in New York</subfield></datafield><datafield ind1=" " ind2=" " tag="260"><subfield code="a">New York [N.Y.] :</subfield><subfield code="b">Porter &amp; Howe,</subfield><subfield code="c">1831-1832.</subfield></datafield><datafield ind1=" " ind2=" " tag="300"><subfield code="a">1 v.</subfield></datafield><datafield ind1=" " ind2=" " tag="310"><subfield code="a">Weekly</subfield></datafield><datafield ind1="0" ind2=" " tag="362"><subfield code="a">Vol. 1, no. 1 (Dec. 10, 1831)-v. 1, no. 50 (Nov. 24, 1832).</subfield></datafield><datafield ind1=" " ind2=" " tag="500"><subfield code="a">"As a stranger, give it welcome."</subfield></datafield><datafield ind1=" " ind2=" " tag="530"><subfield code="a">Available on microfilm from University Microfilms International; also available online.</subfield></datafield><datafield ind1=" " ind2=" " tag="580"><subfield code="a">Merged with: New-York traveller, to become: Traveller, and spirit of the times &amp; life in New-York.</subfield></datafield><datafield ind1=" " ind2="0" tag="651"><subfield code="a">New York (N.Y.)</subfield><subfield code="v">Newspapers.</subfield></datafield><datafield ind1=" " ind2="0" tag="651"><subfield code="a">New York County (N.Y.)</subfield><subfield code="v">Newspapers.</subfield></datafield><datafield ind1=" " ind2="7" tag="655"><subfield code="a">Newspapers.</subfield><subfield code="2">fast</subfield><subfield code="0">(OCoLC)fst01423814</subfield></datafield><datafield ind1=" " ind2="7" tag="651"><subfield code="a">New York (State)</subfield><subfield code="z">New York.</subfield><subfield code="2">fast</subfield><subfield code="0">(OCoLC)fst01204333</subfield></datafield><datafield ind1=" " ind2="7" tag="651"><subfield code="a">New York (State)</subfield><subfield code="z">New York County.</subfield><subfield code="2">fast</subfield><subfield code="0">(OCoLC)fst01234953</subfield></datafield><datafield ind1=" " ind2=" " tag="752"><subfield code="a">United States</subfield><subfield code="b">New York</subfield><subfield code="c">New York</subfield><subfield code="d">New York.</subfield></datafield><datafield ind1="1" ind2=" " tag="776"><subfield code="t">Spirit of the times &amp; life in New-York (Online)</subfield><subfield code="w">(DLC)  2008233252</subfield><subfield code="w">(OCoLC)69679292</subfield></datafield><datafield ind1="1" ind2="7" tag="785"><subfield code="t">New-York traveller</subfield><subfield code="w">(DLC)sn 85026732</subfield><subfield code="w">(OCoLC)12438178</subfield></datafield><datafield ind1="1" ind2="7" tag="785"><subfield code="t">Traveller, and spirit of the times &amp; life in New-York</subfield><subfield code="w">(DLC)sn 98058163</subfield><subfield code="w">(OCoLC)10942488</subfield></datafield><datafield ind1="4" ind2="1" tag="856"><subfield code="u">http://proquest.umi.com/pqdweb</subfield></datafield></record>